@article{1,
  title     = {Community detection in graphs},
  author    = {Fortunato, Santo},
  journal   = {Physics reports},
  volume    = {486},
  number    = {3-5},
  pages     = {75--174},
  year      = {2010},
  publisher = {Elsevier}
}

@article{2,
  title     = {A comparative analysis of community detection algorithms on artificial networks},
  author    = {Yang, Zhao and Algesheimer, Ren{\'e} and Tessone, Claudio J},
  journal   = {Scientific reports},
  volume    = {6},
  pages     = {30750},
  year      = {2016},
  publisher = {Nature Publishing Group}
}

@article{3,
  title     = {Near linear time algorithm to detect community structures in large-scale networks},
  author    = {Raghavan, Usha Nandini and Albert, R{\'e}ka and Kumara, Soundar},
  journal   = {Physical review E},
  volume    = {76},
  number    = {3},
  pages     = {036106},
  year      = {2007},
  publisher = {APS}
}

@inproceedings{4,
  title={Distributed community detection in web-scale networks},
  author={Ovelg{\"o}nne, Michael},
  booktitle={2013 IEEE/ACM International Conference on Advances in Social Networks Analysis and Mining (ASONAM 2013)},
  pages={66--73},
  year={2013},
  organization={IEEE}
}